<?xml version="1.0" encoding="UTF-8"?><collection xmlns="http://www.loc.gov/MARC21/slim"><record><leader>00350nam--2200133-i-4500</leader><controlfield tag="001">000039474</controlfield><controlfield tag="002">20161230</controlfield><controlfield tag="005">20161230201042</controlfield><controlfield tag="008">060222s1000------------r-----000-0-eng-d</controlfield><datafield ind1=" " ind2=" " tag="080"><subfield code="a">621.374</subfield></datafield><datafield ind1=" " ind2=" " tag="100"><subfield code="a">Roschlau, Helmut</subfield></datafield><datafield ind1=" " ind2=" " tag="245"><subfield code="a">Handbuch der angewandten impulstechnik</subfield></datafield><datafield ind1=" " ind2=" " tag="260"><subfield code="a">Hamburg. R.V.Decker`S Verlag G.Schenck, 1965, 494p</subfield></datafield><datafield ind1=" " ind2=" " tag="852"><subfield code="a">24676</subfield></datafield></record></collection>